<record><leader>00000cas a22000007a 4500</leader><controlfield tag="001">18281292</controlfield><controlfield tag="008">880728d18861891ohucr ne      0    0eng d</controlfield><datafield ind1=" " ind2=" " tag="010"><subfield code="a">sn 88078723 </subfield></datafield><datafield ind1=" " ind2=" " tag="040"><subfield code="a">ONP</subfield><subfield code="b">eng</subfield><subfield code="c">ONP</subfield><subfield code="d">OCLCQ</subfield></datafield><datafield ind1=" " ind2=" " tag="042"><subfield code="a">msc</subfield></datafield><datafield ind1="0" ind2="4" tag="245"><subfield code="a">The Semi-weekly Lancaster gazette.</subfield></datafield><datafield ind1=" " ind2=" " tag="260"><subfield code="a">Lancaster, Ohio :</subfield><subfield code="b">Gazette Print. Co.,</subfield><subfield code="c">1886-1891.</subfield></datafield><datafield ind1=" " ind2=" " tag="310"><subfield code="a">Semiweekly</subfield></datafield><datafield ind1="0" ind2=" " tag="362"><subfield code="a">Vol. 61, no. 1 (Mar. 3, 1886)-v. 66, no. 6 (Mar. 14, 1891).</subfield></datafield><datafield ind1=" " ind2=" " tag="752"><subfield code="a">United States</subfield><subfield code="b">Ohio</subfield><subfield code="c">Fairfield</subfield><subfield code="d">Lancaster.</subfield></datafield><datafield ind1="0" ind2="0" tag="780"><subfield code="t">Lancaster gazette (Lancaster, Ohio : 1863)</subfield><subfield code="w">(DLC)sn 84024207</subfield></datafield><datafield ind1="0" ind2="0" tag="785"><subfield code="t">Lancaster gazette (Lancaster, Ohio : 1891)</subfield><subfield code="w">(DLC)sn 88078722</subfield></datafield></record>